@article{chappell2001two,
  title={Two contrasting granite types: 25 years later},
  author={Chappell, BW and White, Allan James Risely},
  journal={Australian Journal of Earth Sciences},
  volume={48},
  number={4},
  pages={489--499},
  year={2001},
  publisher={Wiley Online Library}
}

@article{BWChappell,
author = { B. W.   Chappell  and  A. J. R.   White  and  R.   Hine },
title = {Granite provinces and basement terranes in the Lachlan Fold Belt, southeastern Australia},
journal = {Australian Journal of Earth Sciences},
volume = {35},
number = {4},
pages = {505-521},
year = {1988},
doi = {10.1080/08120098808729466},

URL = { 
        http://dx.doi.org/10.1080/08120098808729466
    
},
eprint = { 
        http://dx.doi.org/10.1080/08120098808729466
    
}

}

